<collection xmlns="http://www.loc.gov/MARC21/slim">
<record>
  <leader>01496nam0a2200217 i 450 </leader>
  <controlfield tag="001">IT\ICCU\CNCE\064411</controlfield>
  <controlfield tag="005">20060701000000.0</controlfield>
  <datafield tag="012" ind1=" " ind2=" ">
    <subfield code="a">0172 o-c- cas- plme (3) 1597 (R)</subfield>
    <subfield code="2">fei</subfield>
  </datafield>
  <datafield tag="100" ind1=" " ind2=" ">
    <subfield code="a">20060406d1597        0itac0103    ba</subfield>
  </datafield>
  <datafield tag="101" ind1=" " ind2=" ">
    <subfield code="a">ITA</subfield>
  </datafield>
  <datafield tag="102" ind1=" " ind2=" ">
    <subfield code="a">IT</subfield>
  </datafield>
  <datafield tag="200" ind1="1" ind2=" ">
    <subfield code="a">Prediche di materie altissime, e delle laudi di tre gloriosissimi santi, nelle quali, con mirabile inuentione, s&apos;espongono tre salmi, e con tale espositione, s&apos;ordiscono le lor vite, con noui, e scelti concetti, &amp; salutiferi documenti, fatte in varij lochi, e tempi dal molto reuerendo signor don Giacomo Meloro dottor teologo. Con la tauola delle cose pi ̮notabili, e con l&apos;auttorit ̉\!! delle scritture sacre notate nelle margini</subfield>
  </datafield>
  <datafield tag="210" ind1=" " ind2=" ">
    <subfield code="a">In Napoli</subfield>
    <subfield code="c">per Gio. Iacomo Carlino</subfield>
    <subfield code="d">&amp; Antonio Pace</subfield>
    <subfield code="d">1597</subfield>
    <subfield code="e">per Gio. Iacomo Carlino</subfield>
    <subfield code="h">&amp; Antonio Pace</subfield>
    <subfield code="h">1596</subfield>
  </datafield>
  <datafield tag="215" ind1=" " ind2=" ">
    <subfield code="a">\4!, 223, \13! p. </subfield>
    <subfield code="d">4ʻ</subfield>
  </datafield>
  <datafield tag="620" ind1=" " ind2=" ">
    <subfield code="a">IT</subfield>
    <subfield code="d">Napoli</subfield>
  </datafield>
  <datafield tag="700" ind1=" " ind2="1">
    <subfield code="a">Meloro,</subfield>
    <subfield code="b">Giacomo</subfield>
    <subfield code="3">IT\ICCU\CNCA\006759</subfield>
  </datafield>
  <datafield tag="712" ind1="0" ind2="0">
    <subfield code="a">Carlino, Giovanni Giacomo &amp; Pace, Antonio</subfield>
    <subfield code="3">IT\ICCU\CNCT\000320</subfield>
    <subfield code="4">650</subfield>
  </datafield>
  <datafield tag="801" ind1=" " ind2="3">
    <subfield code="a">IT</subfield>
    <subfield code="b">ICCU</subfield>
    <subfield code="c">20201115</subfield>
  </datafield>
  <datafield tag="899" ind1=" " ind2=" ">
    <subfield code="a">Biblioteca provinciale. Salerno</subfield>
    <subfield code="1">SA0063</subfield>
    <subfield code="2">CAM PS</subfield>
  </datafield>
  <datafield tag="911" ind1=" " ind2=" ">
    <subfield code="a">Sul front.</subfield>
    <subfield code="9">IT\ICCU\CNCM\000509</subfield>
  </datafield>
  <datafield tag="921" ind1=" " ind2=" ">
    <subfield code="a">IT\ICCU\CNCM\000509</subfield>
    <subfield code="b">Ges ̮bambino benedicente su un&apos;aquila, con globo sormontato da croce nella mano sinistra. Ai lati rami di palma e olivo.</subfield>
    <subfield code="e">1) Ex me pax tibi et victoria. 2)Sicut aquila prouocans ad volandum pullos suos.</subfield>
    <subfield code="c">V131</subfield>
    <subfield code="c">Z610</subfield>
    <subfield code="d">Dimensioni: 4,7 x 6,4. Con o senza motto</subfield>
    <subfield code="f">EXMEPAXTIB</subfield>
    <subfield code="f">AQUILA</subfield>
    <subfield code="f">GESU</subfield>
    <subfield code="f">MONDO</subfield>
    <subfield code="f">RAMI</subfield>
    <subfield code="g">1580-1600</subfield>
  </datafield>
</record>
</collection>
